@article{vonahn04,
 author = {von Ahn, Luis and Blum, Manuel and Langford, John},
 title = {Telling Humans and Computers Apart Automatically},
 journal = {Commun. ACM},
 issue_date = {February 2004},
 volume = {47},
 number = {2},
 month = feb,
 year = {2004},
 issn = {0001-0782},
 pages = {56--60},
 numpages = {5},
 url = {http://doi.acm.org/10.1145/966389.966390},
 doi = {10.1145/966389.966390},
 acmid = {966390},
 publisher = {ACM},
 address = {New York, NY, USA},
} 

@patent{lillibridge01,
 title = {Method for selectively restricting access to computer systems},
 author = {Lillibridge, Mark and Abadi, Martin and Bharat, Krishna and Broder, Andrei},
 number = {US6195698B1},
 year = {2001},
 month = {February},
 day = {27},
 nationality = {United States of America}
}

@misc{paypal02,
   author = {PayPal},
   title = {Max {L}evchin: Online Fraud-Buster},
   editor = {Bloomberg},
   month = {October},
   year = {2002},
   url = {https://www.bloomberg.com/news/articles/2002-09-30/max-levchin-online-fraud-buster},
 }

@inproceedings{jeng10,
 author="Jeng, Albert B. and Tseng, Chien-Chen and Tseng, Der-Feng and Wang, Jiunn-Chin",
 editor="Pan, Jeng-Shyang and Chen, Shyi-Ming and Nguyen, Ngoc Thanh",
 title="A Study of CAPTCHA and Its Application to User Authentication",
 booktitle="Computational Collective Intelligence. Technologies and Applications",
 year="2010",
 publisher="Springer Berlin Heidelberg",
 address="Berlin, Heidelberg",
 pages="433--440"
}

@inproceedings{bursztein11,
 author = {Bursztein, Elie and Martin, Matthieu and Mitchell, John},
 title = {Text-based CAPTCHA Strengths and Weaknesses},
 booktitle = {Proceedings of the 18th ACM Conference on Computer and Communications Security},
 series = {CCS '11},
 year = {2011},
 isbn = {978-1-4503-0948-6},
 location = {Chicago, Illinois, USA},
 pages = {125--138},
 numpages = {14},
 url = {http://doi.acm.org/10.1145/2046707.2046724},
 doi = {10.1145/2046707.2046724},
 acmid = {2046724},
 publisher = {ACM},
 address = {New York, NY, USA},
 keywords = {CAPTCHA, human interaction proof, machine learning, vision},
} 

@inproceedings{chellapilla05,
  title={Computers beat Humans at Single Character Recognition in Reading based Human Interaction Proofs (HIPs)},
  author={Kumar Chellapilla and Kevin Larson and Patrice Y. Simard and Mary Czerwinski},
  booktitle={CEAS},
  year={2005}
}

@book{serra83,
 author = {Serra, Jean},
 title = {Image Analysis and Mathematical Morphology},
 year = {1983},
 isbn = {0126372403},
 publisher = {Academic Press, Inc.},
 address = {Orlando, FL, USA},
} 

@article{sezgin04,
author = {Sezgin, Mehmet and Sankur, Bulent},
year = {2004},
month = {01},
pages = {146-168},
title = {Survey over image thresholding techniques and quantitative performance evaluation},
volume = {13},
booktitle = {Journal of Electronic Imaging}
}

@online{fisher03,
  author = {Robert Fisher and Simon Perkins and Ashley Walker and Erik Wolfart},
  title = {Morphology},
  year = 2003,
  url = {http://homepages.inf.ed.ac.uk/rbf/HIPR2/morops.htm },
}

@article{lloyd82,
 author = {Lloyd, Stuart},
 title = {Least Squares Quantization in {PCM}},
 journal = {IEEE Trans. Inf. Theor.},
 issue_date = {March 1982},
 volume = {28},
 number = {2},
 month = sep,
 year = {2006},
 issn = {0018-9448},
 pages = {129--137},
 numpages = {9},
 url = {http://dx.doi.org/10.1109/TIT.1982.1056489},
 doi = {10.1109/TIT.1982.1056489},
 acmid = {2269955},
 publisher = {IEEE Press},
 address = {Piscataway, NJ, USA},
} 

@article{sibson73,
  title={{SLINK}: An Optimally Efficient Algorithm for the Single-Link Cluster Method},
  author={Robin Sibson},
  journal={The Computer Journal},
  year={1973},
  volume={16},
  pages={30-34}
}

@inproceedings{ester96,
    author = {Martin Ester and Hans-Peter Kriegel and J{\"o}rg Sander and Xiaowei Xu},
    title = {A density-based algorithm for discovering clusters in large spatial databases with noise},
    booktitle = {},
    year = {1996},
    pages = {226--231},
    publisher = {AAAI Press}
}

@article{samuel59,
 author = {Samuel, Arthur L.},
 title = {Some Studies in Machine Learning Using the Game of Checkers},
 journal = {IBM J. Res. Dev.},
 issue_date = {July 1959},
 volume = {3},
 number = {3},
 month = jul,
 year = {1959},
 issn = {0018-8646},
 pages = {210--229},
 numpages = {20},
 url = {http://dx.doi.org/10.1147/rd.33.0210},
 doi = {10.1147/rd.33.0210},
 acmid = {1661924},
 publisher = {IBM Corp.},
 address = {Riverton, NJ, USA},
} 

@article{guzella09,
 author = {Guzella, Thiago S. and Caminhas, Walmir M.},
 title = {Review: A Review of Machine Learning Approaches to Spam Filtering},
 journal = {Expert Syst. Appl.},
 issue_date = {September, 2009},
 volume = {36},
 number = {7},
 month = sep,
 year = {2009},
 issn = {0957-4174},
 pages = {10206--10222},
 numpages = {17},
 url = {http://dx.doi.org/10.1016/j.eswa.2009.02.037},
 doi = {10.1016/j.eswa.2009.02.037},
 acmid = {1539460},
 publisher = {Pergamon Press, Inc.},
 address = {Tarrytown, NY, USA},
 keywords = {Bag-of-words (BoW), Image Spam, Naive Bayes, Online learning, Spam filtering},
} 

@article{wernick10, 
author={M. N. Wernick and Y. Yang and J. G. Brankov and G. Yourganov and S. C. Strother}, 
journal={IEEE Signal Processing Magazine}, 
title={Machine Learning in Medical Imaging}, 
year={2010}, 
volume={27}, 
number={4}, 
pages={25-38}, 
doi={10.1109/MSP.2010.936730}, 
ISSN={1053-5888}, 
month={July}
}

@inproceedings{sommer10,
  title={Outside the closed world: On using machine learning for network intrusion detection},
  author={Sommer, Robin and Paxson, Vern},
  booktitle={Security and Privacy (SP), 2010 IEEE Symposium on},
  pages={305--316},
  year={2010},
  organization={IEEE}
}

@article{altman92,
  title={An introduction to kernel and nearest-neighbor nonparametric regression},
  author={Altman, Naomi S.},
  journal={The American Statistician},
  volume={46},
  number={3},
  pages={175--185},
  year={1992},
  publisher={Taylor \& Francis}
}

@article{cortes95,
 author = {Cortes, Corinna and Vapnik, Vladimir},
 title = {Support-Vector Networks},
 journal = {Mach. Learn.},
 issue_date = {Sept. 1995},
 volume = {20},
 number = {3},
 month = sep,
 year = {1995},
 issn = {0885-6125},
 pages = {273--297},
 numpages = {25},
 url = {https://doi.org/10.1023/A:1022627411411},
 doi = {10.1023/A:1022627411411},
 acmid = {218929},
 publisher = {Kluwer Academic Publishers},
 address = {Hingham, MA, USA},
 keywords = {efficient learning algorithms, neural networks, pattern recognition, polynomial classifiers, radial basis function classifiers},
} 
